<collection xmlns="http://www.loc.gov/MARC21/slim">
<record>
  <leader>01086nam0a2200241 i 450 </leader>
  <controlfield tag="001">IT\ICCU\CNCE\037366</controlfield>
  <controlfield tag="005">20110119000000.0</controlfield>
  <datafield tag="012" ind1=" " ind2=" ">
    <subfield code="a">geen ntde s.t, jumi (C) 1596 (A)</subfield>
    <subfield code="2">fei</subfield>
  </datafield>
  <datafield tag="100" ind1=" " ind2=" ">
    <subfield code="a">19981013d1596        0itac0103    ba</subfield>
  </datafield>
  <datafield tag="101" ind1=" " ind2=" ">
    <subfield code="a">CAT</subfield>
  </datafield>
  <datafield tag="102" ind1=" " ind2=" ">
    <subfield code="a">IT</subfield>
  </datafield>
  <datafield tag="200" ind1="1" ind2=" ">
    <subfield code="a">Crida general del illustrissim seǫr don Anton Coloma Caluillo comte de Elda, seǫr de la baronia de Petrell, Alcayt del castell de Alicant, lloctinent y capita general per sa magestat en lo present Regne de Sardeą</subfield>
  </datafield>
  <datafield tag="210" ind1=" " ind2=" ">
    <subfield code="a">En Caller</subfield>
    <subfield code="c">per Joan Maria Galcerin</subfield>
    <subfield code="d">1596</subfield>
  </datafield>
  <datafield tag="215" ind1=" " ind2=" ">
    <subfield code="a">\16! c.</subfield>
    <subfield code="d">4ʻ</subfield>
  </datafield>
  <datafield tag="620" ind1=" " ind2=" ">
    <subfield code="a">IT</subfield>
    <subfield code="d">Cagliari</subfield>
  </datafield>
  <datafield tag="710" ind1="0" ind2="2">
    <subfield code="a">Sardegna</subfield>
    <subfield code="3">9673</subfield>
  </datafield>
  <datafield tag="702" ind1=" " ind2="1">
    <subfield code="a">Coloma,</subfield>
    <subfield code="b">Anton</subfield>
    <subfield code="3">IT\ICCU\CNCA\025596</subfield>
  </datafield>
  <datafield tag="712" ind1="0" ind2="0">
    <subfield code="a">Galcerino, Giovanni Maria</subfield>
    <subfield code="3">IT\ICCU\CNCT\000702</subfield>
    <subfield code="4">650</subfield>
  </datafield>
  <datafield tag="790" ind1=" " ind2="1">
    <subfield code="a">Coloma Calvillo,</subfield>
    <subfield code="b">Antonio</subfield>
    <subfield code="3">IT\ICCU\CNCA\025599</subfield>
    <subfield code="z">Coloma, Anton</subfield>
  </datafield>
  <datafield tag="791" ind1="0" ind2="0">
    <subfield code="a">Galcerin, Ioannes Maria</subfield>
    <subfield code="3">IT\ICCU\CNCT\004817</subfield>
    <subfield code="z">Galcerino, Giovanni Maria</subfield>
  </datafield>
  <datafield tag="791" ind1="0" ind2="0">
    <subfield code="a">Galcerinu, Ioanne Maria</subfield>
    <subfield code="3">IT\ICCU\CNCT\004818</subfield>
    <subfield code="z">Galcerino, Giovanni Maria</subfield>
  </datafield>
  <datafield tag="801" ind1=" " ind2="3">
    <subfield code="a">IT</subfield>
    <subfield code="b">ICCU</subfield>
    <subfield code="c">20201114</subfield>
  </datafield>
  <datafield tag="899" ind1=" " ind2=" ">
    <subfield code="a">Biblioteca universitaria. Cagliari</subfield>
    <subfield code="1">CA0194</subfield>
    <subfield code="2">CAG UC</subfield>
  </datafield>
</record>
</collection>
